@misc{Skript, 
    author = "{Dr. J.Wagner}",
    title = {Physikalisches Praktikum 1 fÂ¨ur
Studierende der Physik B.Sc.},
    url = {https://www.physi.uni-heidelberg.de/Einrichtungen/AP/info/Corona/PAP1.pdf},
    note = "[Online; Stand 01/2014]",
    %date = \datum,
}

@misc{Joni, 
    author = "{Captain Joni}",
    title = {
pap1-tex-vorlage
},
    url = {https://github.com/captain-joni/pap1-tex-vorlage},
    note = "[Online; Stand 28.08.2024]",
    %date = \datum,
}